<record><leader>00000cas a22000007a 4500</leader><controlfield tag="001">37876551</controlfield><controlfield tag="008">971031d19511954caumr ne      0    0eng d</controlfield><datafield ind1=" " ind2=" " tag="010"><subfield code="a">sn 97069685 </subfield></datafield><datafield ind1=" " ind2=" " tag="040"><subfield code="a">CNK</subfield><subfield code="b">eng</subfield><subfield code="c">CNK</subfield><subfield code="d">OCLCQ</subfield><subfield code="d">OCLCO</subfield></datafield><datafield ind1="1" ind2=" " tag="029"><subfield code="a">AU@</subfield><subfield code="b">000013613248</subfield></datafield><datafield ind1=" " ind2=" " tag="042"><subfield code="a">msc</subfield></datafield><datafield ind1=" " ind2=" " tag="043"><subfield code="a">n-us-ca</subfield></datafield><datafield ind1="0" ind2="0" tag="245"><subfield code="a">Borrego sun and Julian, Warner's, Ocotillo Wells news.</subfield></datafield><datafield ind1=" " ind2=" " tag="260"><subfield code="a">Borrego Springs, Calif. :</subfield><subfield code="b">Borrego Springs Co.</subfield></datafield><datafield ind1=" " ind2=" " tag="300"><subfield code="a">v.</subfield></datafield><datafield ind1=" " ind2=" " tag="310"><subfield code="a">Monthly</subfield></datafield><datafield ind1="0" ind2=" " tag="362"><subfield code="a">Dec. 1951-v. 2, no. 7 (Feb. 1954).</subfield></datafield><datafield ind1=" " ind2=" " tag="500"><subfield code="a">Publication moved to San Diego, Calif., Jan. 1954.</subfield></datafield><datafield ind1=" " ind2=" " tag="515"><subfield code="a">Vol. numbering begins with v. 2, no. 1, Nov. 1952.</subfield></datafield><datafield ind1=" " ind2="0" tag="651"><subfield code="a">Borrego Springs (Calif.)</subfield><subfield code="v">Newspapers.</subfield></datafield><datafield ind1=" " ind2="0" tag="651"><subfield code="a">Julian (Calif.)</subfield><subfield code="v">Newspapers.</subfield></datafield><datafield ind1=" " ind2="0" tag="651"><subfield code="a">Ocotillo Wells (Calif.)</subfield><subfield code="v">Newspapers.</subfield></datafield><datafield ind1=" " ind2=" " tag="752"><subfield code="a">United States</subfield><subfield code="b">California</subfield><subfield code="c">San Diego</subfield><subfield code="d">San Diego.</subfield></datafield><datafield ind1=" " ind2=" " tag="752"><subfield code="a">United States</subfield><subfield code="b">California</subfield><subfield code="c">San Diego</subfield><subfield code="d">Borrego Springs.</subfield></datafield><datafield ind1="0" ind2="0" tag="780"><subfield code="t">Borrego sun</subfield><subfield code="w">(DLC)sn 97069558</subfield></datafield><datafield ind1="0" ind2="0" tag="785"><subfield code="t">Borrego sun (Borrego Springs, Calif. : 1954)</subfield><subfield code="w">(DLC)sn 97069686</subfield></datafield></record>